% book
% Required fields: author or editor, title, publisher, year. 
% Optional fields: volume or number, series, address, edition, month, note.

% article
% Required fields: author, title, journal, year. 
% Optional fields: volume, number, pages, month, note.

% conference
% same as inproceedings
% Required fields: author, title, booktitle, year. 
% Optional fields: editor, volume or number, series, pages, address, month, organization, publisher, note

% website
% as misc
% Required fields: none. 
% Optional fields: author, title, howpublished, month, year, note.

@misc{industry,
    title = {DISI Industry},
    note = {Portale per il quale l'estensione è stata sviluppata},

    howpublished ={https://industry.disi.unitn.it},
}

@misc{django,
    title= {Django},
    note = {Framework web utilizzato per lo sviluppo dell'estensione},
    howpublished = {https://www.djangoproject.com},
}

@misc{django_models,
    title={Django Models},
    note ={Sito web che descrive il funzionamento dei modelli in Django},
    howpublished ={https://docs.djangoproject.com/en/4.2/topics/db/models/},
}

@misc{django_views,
    title={Django Views},
    note = {Sito web che descrive il funzionamento delle viste in Django},
    howpublished ={https://docs.djangoproject.com/en/4.2/topics/class-based-views/},
}


@misc{django_template,
    title={Django Template},
    note ={Sito web che descrive il funzionamento dei template in Django},
    howpublished = {https://docs.djangoproject.com/en/4.2/topics/templates/},
}

@misc{django_security,
    title={Django Security},
    note ={Sito web che descrive le proprietà di sicurezza in Django},
    howpublished={https://docs.djangoproject.com/en/4.2/topics/security/},
}

@misc{bootstrap,
    title={Bootstrap},
    note = {Framework CSS utilizzato per lo sviluppo del front-end},
    howpublished={https://getbootstrap.com/docs/5.0/getting-started/introduction/},
}

@misc{crispy_forms,
    title={Crispy Forms},
    note ={Framework per la gestione e renderizzazione dei form in Django},
    howpublished={https://django-crispy-forms.readthedocs.io/en/latest/},
}

@misc{scss,
    title={SCSS},
    note ={Linguaggio di stile utilizzato per facilitare lo sviluppo del frontend},
    howpublished={https://sass-lang.com},
}

@misc{shibboleth,
    title={Shibboleth},
    note ={Sito di riferimento per il progetto Shibboleth},
    howpublished={https://www.shibboleth.net},
}

@misc{venv,
    title={venv},
    note={Sito di riferimento per la creazione di ambienti virtuali in Python mediante venv},
    howpublished={https://docs.python.org/3/library/venv.html},
}}
